@article{pandey2014persuasive,
  title={The persuasive power of data visualization},
  author={Pandey, Anshul Vikram and Manivannan, Anjali and Nov, Oded and Satterthwaite, Margaret and Bertini, Enrico},
  journal={IEEE transactions on visualization and computer graphics},
  volume={20},
  number={12},
  pages={2211--2220},
  year={2014},
  publisher={IEEE}
}

@misc{munznervisualization,
  title={Visualization Analysis and Design. 2014},
  author={Munzner, Tamara},
  publisher={Print},
  year={2014}
}

@book{tufte1983visual,
  title={The visual display of quantitative information graphics press},
  author={Tufte, Edward R},
  year={1983},
  publisher={Graphics press},
  address={Cheshire, CT}
}

@article{heer2010tour,
  title={A tour through the visualization zoo},
  author={Heer, Jeffrey and Bostock, Michael and Ogievetsky, Vadim},
  journal={Communications of the ACM},
  volume={53},
  number={6},
  pages={59--67},
  year={2010},
  publisher={ACM New York, NY, USA}
}

@misc{gruber2006,
    title={Markdown},
    author={Gruber, John},
    url={https://daringfireball.net/projects/markdown/},
    journal={Daring Fireball},
    year={2006}
}

@inproceedings{wallace2013, author = {Wallace, James R. and Scott, Stacey D. and MacGregor, Carolyn G.}, title = {Collaborative Sensemaking on a Digital Tabletop and Personal Tablets: Prioritization, Comparisons, and Tableaux}, year = {2013}, isbn = {9781450318990}, publisher = {Association for Computing Machinery}, address = {New York, NY, USA}, url = {https://doi.org/10.1145/2470654.2466458}, doi = {10.1145/2470654.2466458}, booktitle = {Proceedings of the SIGCHI Conference on Human Factors in Computing Systems}, pages = {3345–3354}, numpages = {10}, keywords = {cscw, process, sensemaking, equity of participation}, location = {Paris, France}, series = {CHI ’13} }

@inproceedings{pietroszek2015, author = {Pietroszek, Krzysztof and Wallace, James R. and Lank, Edward}, title = {Tiltcasting: 3D Interaction on Large Displays Using a Mobile Device}, year = {2015}, isbn = {9781450337793}, publisher = {Association for Computing Machinery}, address = {New York, NY, USA}, url = {https://doi.org/10.1145/2807442.2807471}, doi = {10.1145/2807442.2807471}, booktitle = {Proceedings of the 28th Annual ACM Symposium on User Interface Software \& Technology}, pages = {57–62}, numpages = {6}, keywords = {3d interaction, 3d pointing, design, mobile interaction, large displays, mobile device}, location = {Charlotte, NC, USA}, series = {UIST ’15} }

@article{wobbrock2016research,
  title={Research contributions in human-computer interaction},
  author={Wobbrock, Jacob O and Kientz, Julie A},
  journal={interactions},
  volume={23},
  number={3},
  pages={38--44},
  year={2016},
  publisher={ACM New York, NY, USA}
}