@article{pandey2014persuasive,
  title={The persuasive power of data visualization},
  author={Pandey, Anshul Vikram and Manivannan, Anjali and Nov, Oded and Satterthwaite, Margaret and Bertini, Enrico},
  journal={IEEE transactions on visualization and computer graphics},
  volume={20},
  number={12},
  pages={2211--2220},
  year={2014},
  publisher={IEEE}
}

@misc{munznervisualization,
  title={Visualization Analysis and Design. 2014},
  author={Munzner, Tamara},
  publisher={Print}
}

@article{tufte1983visual,
  title={The visual display of quantitative information graphics press},
  author={Tufte, Edward R},
  journal={Cheshire, Connecticut},
  year={1983}
}